<record><leader>00000cas a22000007a 4500</leader><controlfield tag="001">18374172</controlfield><controlfield tag="008">880819d18701871cauwr ne      0    0eng d</controlfield><datafield ind1=" " ind2=" " tag="010"><subfield code="a">sn 92068860 </subfield></datafield><datafield ind1=" " ind2=" " tag="040"><subfield code="a">CUI</subfield><subfield code="b">eng</subfield><subfield code="c">CUI</subfield><subfield code="d">CNK</subfield><subfield code="d">OCLCQ</subfield><subfield code="d">OCLCG</subfield><subfield code="d">OCLCQ</subfield><subfield code="d">OCLCF</subfield><subfield code="d">OCLCO</subfield></datafield><datafield ind1=" " ind2=" " tag="042"><subfield code="a">msc</subfield></datafield><datafield ind1=" " ind2=" " tag="043"><subfield code="a">n-us-ca</subfield></datafield><datafield ind1="0" ind2=" " tag="130"><subfield code="a">Anaheim gazette (Anaheim, Calif. : 1870)</subfield></datafield><datafield ind1="1" ind2="0" tag="245"><subfield code="a">Anaheim gazette.</subfield></datafield><datafield ind1=" " ind2=" " tag="260"><subfield code="a">Anaheim, Calif. :</subfield><subfield code="b">G.W. Barter</subfield></datafield><datafield ind1=" " ind2=" " tag="300"><subfield code="a">v.</subfield></datafield><datafield ind1=" " ind2=" " tag="310"><subfield code="a">Weekly</subfield></datafield><datafield ind1="0" ind2=" " tag="362"><subfield code="a">Vol. 1, no. 1 (Oct. 29, 1870)-v. 2, no. 7 (Dec. 9, 1871).</subfield></datafield><datafield ind1=" " ind2=" " tag="500"><subfield code="a">Edited and published by: G.W. Barter, Oct. 29, 1870-Oct. 28, 1871; Charles A. Gardner, Oct. 28, 1871-Dec. 9, 1871.</subfield></datafield><datafield ind1=" " ind2=" " tag="530"><subfield code="a">Also issued on microfilm.</subfield></datafield><datafield ind1=" " ind2="0" tag="651"><subfield code="a">Anaheim (Calif.)</subfield><subfield code="v">Newspapers.</subfield></datafield><datafield ind1=" " ind2="0" tag="651"><subfield code="a">Orange County (Calif.)</subfield><subfield code="v">Newspapers.</subfield></datafield><datafield ind1=" " ind2="7" tag="655"><subfield code="a">Newspapers.</subfield><subfield code="2">fast</subfield><subfield code="0">(OCoLC)fst01423814</subfield></datafield><datafield ind1=" " ind2="7" tag="651"><subfield code="a">California</subfield><subfield code="z">Anaheim.</subfield><subfield code="2">fast</subfield><subfield code="0">(OCoLC)fst01205465</subfield></datafield><datafield ind1=" " ind2="7" tag="651"><subfield code="a">California</subfield><subfield code="z">Orange County.</subfield><subfield code="2">fast</subfield><subfield code="0">(OCoLC)fst01206289</subfield></datafield><datafield ind1="1" ind2=" " tag="700"><subfield code="a">Barter, G. W.</subfield><subfield code="q">(George Washington)</subfield></datafield><datafield ind1="1" ind2=" " tag="700"><subfield code="a">Gardner, Charles A.</subfield></datafield><datafield ind1=" " ind2=" " tag="752"><subfield code="a">United States</subfield><subfield code="b">California</subfield><subfield code="c">Orange</subfield><subfield code="d">Anaheim.</subfield></datafield><datafield ind1="0" ind2="0" tag="785"><subfield code="t">Southern Californian (Anaheim, Calif. : Weekly)</subfield><subfield code="w">(DLC)sn 92068861</subfield><subfield code="w">(OCoLC)18374198</subfield></datafield></record>